@misc{PaddlePaddledevelopers2017,
author = {PaddlePaddle developers},
title = {{PaddlePaddle - Documentation}},
url = {http://www.paddlepaddle.org/docs/develop/documentation/en/getstarted/index{\_}en.html},
urldate = {2018-04-05},
year = {2017}
}
